@Article{Otsu1979,
title = {A Threshold Selection Method from Gray-Level Histograms},
author = {N. Otsu},
journal = {Man and Cybernetics, IEEE Transactions on Systems},
year = {1979},
volume ={9},
pages = {62-66}
}


@article{Dullrazor1997,
	title = {Dullrazor®: A software approach to hair removal from images},
	volume = {27},
	shorttitle = {Dullrazor®},
	url = {http://www.sciencedirect.com/science/article/pii/S0010482597000206},
	number = {6},
	journal = {Computers in Biology and Medicine},
	author = {Lee, Tim and Ng, Vincent and Gallagher, Richard and Coldman, Andrew and McLean, David},
	month = nov,
	year = {1997},
	keywords = {Grayscale morphology Adaptive median filter, Hair removal, Image processing, Skin imaging},
	pages = {533--543},
}


@Article{Garnavi2010,
title = {Automatic Segmentation of Dermoscopy Images Using Histogram Thresholding on Optimal Color Channels},
author = {R. Garnavi and M. Aldeen and M.E. Celebi and A.Bhuiyan and C. Dolianitis and G. Varigos},
journal = {International Journal of Medecine and Medical Sciences},
year = {2010},
volume ={1},
number = {2},
pages = {126-34},
}